@Inbook{Kolakowska2018,
author="Ko{\l}akowska, A.",
editor="Hippe, Zdzis{\l}aw S.
and Kulikowski, Juliusz L.
and Mroczek, Teresa",
title="Usefulness of Keystroke Dynamics Features in User Authentication and Emotion Recognition",
bookTitle="Human-Computer Systems Interaction: Backgrounds and Applications 4",
year="2018",
publisher="Springer International Publishing",
pages="42--52",
abstract="The study presented in the article focuses on keystroke dynamics analysisKeystroke dynamics          analysis         applied to recognize emotional states and to authenticate users. An overview of some studies and applications in these areas is presented. Then, an experiment is described, i.e. the way of collecting dataBehavioural          data        , extracting featuresKeystroke dynamics          features        , training classifiers and finding out the most appropriate feature subsets. The results show that it is difficult to indicate a universal sets of features for the defined tasks and the best idea is to individually adapt models to users.",
isbn="978-3-319-62120-3",
doi="10.1007/978-3-319-62120-3_4",
url="https://doi.org/10.1007/978-3-319-62120-3_4"
}


@article{CARNEIRO2017171,
title = "Quantifying the effects of external factors on individual performance",
journal = "Future Generation Computer Systems",
volume = "66",
pages = "171 - 186",
year = "2017",
issn = "0167-739X",
doi = "https://doi.org/10.1016/j.future.2016.05.019",
url = "http://www.sciencedirect.com/science/article/pii/S0167739X16301303",
author = "Davide Carneiro and Paulo Novais",
keywords = "Performance monitoring, Emotional valence, Human–Computer Interaction"
}

@article{lim2017detecting,
  title={Detecting and Modelling Stress Levels in E-Learning Environment Users},
  author={Lim, Yee Mei},
  year={2017},
  school={De Montfort University}
}

@article{wrobel2018applicability,
  title={Applicability of Emotion Recognition and Induction Methods to Study the Behavior of Programmers},
  author={Wrobel, Michal R},
  journal={Applied Sciences},
  volume={8},
  number={3},
  pages={323},
  year={2018},
  publisher={Multidisciplinary Digital Publishing Institute}
}

@inproceedings{gottardo2017affective,
  title={Affective Human-Computer Interaction in Educational Software: a Hybrid Model for Emotion Inference},
  author={Gottardo, Ernani and Pimentel, Andrey Ricardo},
  booktitle={Proceedings of the XVI Brazilian Symposium on Human Factors in Computing Systems},
  pages={54},
  year={2017},
  organization={ACM}
}

@article{aslan2017human,
  title={Human Expert Labeling Process (HELP): Towards a Reliable Higher-Order User State Labeling Process and Tool to Assess Student Engagement},
  author={Aslan, Sinem and Mete, Sinem Emine and Okur, Eda and Oktay, Ece and Alyuz, Nese and Genc, Utku Ergin and Stanhill, David and Esme, Asli Arslan},
  journal={Educational Technology},
  pages={53--59},
  year={2017},
  publisher={JSTOR}
}

@article{grawemeyer2017affective,
  title={Affective learning: improving engagement and enhancing learning with affect-aware feedback},
  author={Grawemeyer, Beate and Mavrikis, Manolis and Holmes, Wayne and Guti{\'e}rrez-Santos, Sergio and Wiedmann, Michael and Rummel, Nikol},
  journal={User Modeling and User-Adapted Interaction},
  volume={27},
  number={1},
  pages={119--158},
  year={2017},
  publisher={Springer}
}

@article{hundhausen2017ide,
  title={{IDE}-based learning analytics for computing education: a process model, critical review, and research agenda},
  author={Hundhausen, CD and Olivares, DM and Carter, AS},
  journal={ACM Transactions on Computing Education (TOCE)},
  volume={17},
  number={3},
  pages={11},
  year={2017},
  publisher={ACM}
}

@article{asensio2014progamer,
  title={Progamer: aprendiendo a programar usando videojuegos como met{\'a}fora para visualizaci{\'o}n de c{\'o}digo},
  author={Asensio Montiel, Jos{\'e} Javier and Garc{\'\i}a S{\'a}nchez, Pablo and Mora Garc{\'\i}a, Antonio Miguel and Fern{\'a}ndez Ares, Antonio Javier and Merelo Guerv{\'o}s, Juan Juli{\'a}n and Castillo Valdivieso, Pedro {\'A}ngel},
  journal={ReVisi{\'o}n},
  volume={7},
  number={2},
  year={2014}
}


@article{swansianalyzing,
  title={{Analyzing Novice Programmers’ EEG Signals using Unsupervised Algorithms}},
  author={Swansi, Vanlalhruaii and Herradura, Tita and Suarez, Merlin Teodosia}
}

@inproceedings{munson2018models,
  title={Models for Early Identification of Struggling Novice Programmers},
  author={Munson, Jonathan P and Zitovsky, Joshua P},
  booktitle={Proceedings of the 49th ACM Technical Symposium on Computer Science Education},
  pages={699--704},
  year={2018},
  organization={ACM}
}

@article{bosch2017affective,
  title={The affective experience of novice computer programmers},
  author={Bosch, Nigel and D’Mello, Sidney},
  journal={International Journal of Artificial Intelligence in Education},
  volume={27},
  number={1},
  pages={181--206},
  year={2017},
  publisher={Springer}
}


@inproceedings{watson2013predicting,
  title={Predicting performance in an introductory programming course by logging and analyzing student programming behavior},
  author={Watson, Christopher and Li, Frederick WB and Godwin, Jamie L},
  booktitle={Advanced learning Technologies (ICALT), 2013 IEEE 13th international conference on},
  pages={319--323},
  year={2013},
  organization={IEEE}
}

@inproceedings{Pardos2013AffectiveSA,
  title={Affective states and state tests: investigating how affect throughout the school year predicts end of year learning outcomes},
  author={Zachary A. Pardos and Ryan Shaun Joazeiro de Baker and Maria Ofelia Clarissa Z. San Pedro and Sujith M. Gowda and Supreeth M. Gowda},
  booktitle={LAK},
  year={2013}
}

@article{woolf2009affect,
  title={Affect-aware tutors: recognising and responding to student affect},
  author={Woolf, Beverly and Burleson, Winslow and Arroyo, Ivon and Dragon, Toby and Cooper, David and Picard, Rosalind},
  journal={International Journal of Learning Technology},
  volume={4},
  number={3-4},
  pages={129--164},
  year={2009},
  publisher={Inderscience Publishers}
}

@inproceedings{arroyo2009emotion,
  title={Emotion Sensors Go To School.},
  author={Arroyo, Ivon and Cooper, David G and Burleson, Winslow and Woolf, Beverly Park and Muldner, Kasia and Christopherson, Robert},
  booktitle={AIED},
  volume={200},
  pages={17--24},
  year={2009}
}

@article{bakhtiyari2014fuzzy,
  title={Fuzzy model on human emotions recognition},
  author={Bakhtiyari, Kaveh and Husain, Hafizah},
  journal={arXiv preprint arXiv:1407.1474},
  year={2014}
}

@inproceedings{ahadi2015exploring,
  title={Exploring machine learning methods to automatically identify students in need of assistance},
  author={Ahadi, Alireza and Lister, Raymond and Haapala, Heikki and Vihavainen, Arto},
  booktitle={Proceedings of the eleventh annual International Conference on International Computing Education Research},
  pages={121--130},
  year={2015},
  organization={ACM}
}

@article{bangert2002teacher,
  title={Teacher ratings of student engagement with educational software: An exploratory study},
  author={Bangert-Drowns, Robert L and Pyke, Curtis},
  journal={Educational Technology Research and Development},
  volume={50},
  number={2},
  pages={23--37},
  year={2002},
  publisher={Springer}
}

@article{bennedsen2007failure,
  title={Failure rates in introductory programming},
  author={Bennedsen, Jens and Caspersen, Michael E},
  journal={ACM SIGCSE Bulletin},
  volume={39},
  number={2},
  pages={32--36},
  year={2007},
  publisher={ACM}
}

@inproceedings{bixler2013detecting,
  title={Detecting boredom and engagement during writing with keystroke analysis, task appraisals, and stable traits},
  author={Bixler, Robert and D\'{}Mello, Sidney},
  booktitle={Proceedings of the 2013 international conference on Intelligent user interfaces},
  pages={225--234},
  year={2013},
  organization={ACM}
}

@inproceedings{blikstein2011using,
  title={Using learning analytics to assess students' behavior in open-ended programming tasks},
  author={Blikstein, Paulo},
  booktitle={Proceedings of the 1st international conference on learning analytics and knowledge},
  pages={110--116},
  year={2011},
  organization={ACM}
}

@inproceedings{bosch2013emotions,
  title={What emotions do novices experience during their first computer programming learning session?},
  author={Bosch, Nigel and D\'{}Mello, Sidney and Mills, Caitlin},
  booktitle={International Conference on Artificial Intelligence in Education},
  pages={11--20},
  year={2013},
  organization={Springer}
}

@inproceedings{busjahn2014eye,
  title={Eye tracking in computing education},
  author={Busjahn, Teresa and Schulte, Carsten and Sharif, Bonita and Begel, Andrew and Hansen, Michael and Bednarik, Roman and Orlov, Paul and Ihantola, Petri and Shchekotova, Galina and Antropova, Maria and others},
  booktitle={Proceedings of the tenth annual conference on International computing education research},
  pages={3--10},
  year={2014},
  organization={ACM}
}

@article{massimini1987monitoring,
  title={The Monitoring of Optimal Experience A Tool for Psychiatric Rehabilitation.},
  author={Massimini, Fausto and Csikszentmihalyi, Mihaly and Carli, Massimo},
  journal={The Journal of Nervous and Mental Disease},
  volume={175},
  number={9},
  pages={545--549},
  year={1987},
  publisher={LWW}
}


@article{csikszentmihalyi1990flow,
  title={Flow: The psychology of optimal performance},
  author={Csikszentmihalyi, Mihaly},
  journal={NY: Cambridge UniversityPress},
  year={1990}
}

@inproceedings{d2008autotutor,
  title={AutoTutor detects and responds to learners affective and cognitive states},
  author={D\'{}Mello, Sidney and Jackson, Tanner and Craig, Scotty and Morgan, Brent and Chipman, Patrick and White, Holly and Person, Natalie and Kort, Barry and el Kaliouby, Rana and Picard, Rosalind and others},
  booktitle={Workshop on emotional and cognitive issues at the international conference on intelligent tutoring systems},
  pages={306--308},
  year={2008}
}

@article{dijkstra1989cruelty,
  title={On the cruelty of really teaching computing science},
  author={Dijkstra, Edsger W and others},
  journal={Communications of the ACM},
  volume={32},
  number={12},
  pages={1398--1404},
  year={1989}
}

@inproceedings{dillenbourg2002virtual,
  title={Virtual learning environments},
  author={Dillenbourg, Pierre and Schneider, Daniel and Synteta, Paraskevi},
  booktitle={3rd Hellenic Conference" Information \& Communication Technologies in Education"},
  pages={3--18},
  year={2002},
  organization={Kastaniotis Editions, Greece}
}

@incollection{elliott1999lifelike,
  title={Lifelike pedagogical agents and affective computing: An exploratory synthesis},
  author={Elliott, Clark and Rickel, Jeff and Lester, James},
  booktitle={Artificial intelligence today},
  pages={195--211},
  year={1999},
  publisher={Springer}
}

@inproceedings{epp2011identifying,
  title={Identifying emotional states using keystroke dynamics},
  author={Epp, Clayton and Lippold, Michael and Mandryk, Regan L},
  booktitle={Proceedings of the SIGCHI Conference on Human Factors in Computing Systems},
  pages={715--724},
  year={2011},
  organization={ACM}
}

@article{gunetti2005keystroke,
  title={Keystroke analysis of free text},
  author={Gunetti, Daniele and Picardi, Claudia},
  journal={ACM Transactions on Information and System Security (TISSEC)},
  volume={8},
  number={3},
  pages={312--347},
  year={2005},
  publisher={ACM}
}

@inproceedings{janakiraman2007keystroke,
  title={Keystroke dynamics in a general setting},
  author={Janakiraman, Rajkumar and Sim, Terence},
  booktitle={International Conference on Biometrics},
  pages={584--593},
  year={2007},
  organization={Springer}
}

@inproceedings{jenkins2001motivation,
  title={The motivation of students of programming},
  author={Jenkins, Tony},
  booktitle={ACM SIGCSE Bulletin},
  volume={33},
  number={3},
  pages={53--56},
  year={2001},
  organization={ACM}
}

@inproceedings{jenkins2002difficulty,
  title={On the difficulty of learning to program},
  author={Jenkins, Tony},
  booktitle={Proceedings of the 3rd Annual Conference of the LTSN Centre for Information and Computer Sciences},
  volume={4},
  pages={53--58},
  year={2002},
  organization={Citeseer}
}

@inproceedings{kapoor2005multimodal,
  title={Multimodal affect recognition in learning environments},
  author={Kapoor, Ashish and Picard, Rosalind W},
  booktitle={Proceedings of the 13th annual ACM international conference on Multimedia},
  pages={677--682},
  year={2005},
  organization={ACM}
}
@article{kubey1996experience,
  title={Experience sampling method applications to communication research questions},
  author={Kubey, Robert and Larson, Reed and Csikszentmihalyi, Mihaly},
  journal={Journal of communication},
  volume={46},
  number={2},
  pages={99--120},
  year={1996},
  publisher={Wiley Online Library}
}


@inproceedings{khan2007mood,
  title={Mood independent programming},
  author={Khan, Iftikhar Ahmed and Hierons, Robert M and Brinkman, Willem Paul},
  booktitle={Proceedings of the 14th European conference on Cognitive ergonomics: Invent! Explore!},
  pages={269--272},
  year={2007},
  organization={ACM}
}

@inproceedings{kolakowska2013review,
  title={A review of emotion recognition methods based on keystroke dynamics and mouse movements},
  author={Ko{\l}akowska, Agata},
  booktitle={2013 6th International Conference on Human System Interactions (HSI)},
  pages={548--555},
  year={2013},
  organization={IEEE}
}

@inproceedings{kort2001affective,
  title={An Affective Model of Interplay between Emotions and Learning: Reengineering Educational Pedagogy -- Building a Learning Companion.},
  author={Kort, Barry and Reilly, Rob and Picard, Rosalind W},
  booktitle={icalt},
  volume={1},
  pages={43--47},
  year={2001}
}

@inproceedings{lahtinen2005study,
  title={A study of the difficulties of novice programmers},
  author={Lahtinen, Essi and Ala-Mutka, Kirsti and J{\"a}rvinen, Hannu-Matti},
  booktitle={ACM SIGCSE Bulletin},
  volume={37},
  number={3},
  pages={14--18},
  year={2005},
  organization={ACM}
}

@@InBook{,
  ALTauthor = 	 {},
  ALTeditor = 	 {},
  title = 	 {},
  chapter = 	 {},
  publisher = 	 {},
  year = 	 {},
  OPTkey = 	 {},
  OPTvolume = 	 {},
  OPTnumber = 	 {},
  OPTseries = 	 {},
  OPTtype = 	 {},
  OPTaddress = 	 {},
  OPTedition = 	 {},
  OPTmonth = 	 {},
  OPTpages = 	 {},
  OPTnote = 	 {},
  OPTannote = 	 {}
}


@InBook{lang1980behavioral,
  title={Behavioral treatment and bio-behavioral assessment: Computer applications},
  booktitle={Technology in Mental Health Care Delivery Systems},
  author={Lang, Peter J},
  pages={119--137},
  year={1980},
  publisher={Ablex}
}

@article{mcquiggan2010affective,
  title={Affective transitions in narrative-centered learning environments.},
  author={McQuiggan, Scott W and Robison, Jennifer L and Lester, James C},
  journal={Educational Technology \& Society},
  volume={13},
  number={1},
  pages={40--53},
  year={2010},
  publisher={JSTOR}
}

@article{picard2003affective,
  title={Affective computing: challenges},
  author={Picard, Rosalind W},
  journal={International Journal of Human-Computer Studies},
  volume={59},
  number={1},
  pages={55--64},
  year={2003},
  publisher={Elsevier}
}

@article{picard2001toward,
  title={Toward machine emotional intelligence: Analysis of affective physiological state},
  author={Picard, Rosalind W. and Vyzas, Elias and Healey, Jennifer},
  journal={IEEE transactions on pattern analysis and machine intelligence},
  volume={23},
  number={10},
  pages={1175--1191},
  year={2001},
  publisher={IEEE}
}

@article{robins2003learning,
  title={Learning and teaching programming: A review and discussion},
  author={Robins, Anthony and Rountree, Janet and Rountree, Nathan},
  journal={Computer science education},
  volume={13},
  number={2},
  pages={137--172},
  year={2003},
  publisher={Taylor \& Francis}
}

@inproceedings{rodrigo2009affective,
  title={Affective and behavioral predictors of novice programmer achievement},
  author={Rodrigo, Ma Mercedes T and Baker, Ryan S and Jadud, Matthew C and Amarra, Anna Christine M and Dy, Thomas and Espejo-Lahoz, Maria Beatriz V and Lim, Sheryl Ann L and Pascua, Sheila AMS and Sugay, Jessica O and Tabanao, Emily S},
  booktitle={ACM SIGCSE Bulletin},
  volume={41},
  number={3},
  pages={156--160},
  year={2009},
  organization={ACM}
}

@article{rossin2009effects,
  title={The effects of flow on learning outcomes in an online information management course},
  author={Rossin, Don and Ro, Young K and Klein, Barbara D and Guo, Yi Maggie},
  journal={Journal of Information Systems Education},
  volume={20},
  number={1},
  pages={87},
  year={2009},
  publisher={EDSIG}
}

@inproceedings{salmeron2014exploring,
  title={Exploring indicators from keyboard and mouse interactions to predict the user affective state},
  author={Salmeron-Majadas, Sergio and Santos, Olga C and Boticario, Jesus G},
  booktitle={Educational Data Mining 2014},
  year={2014}
}

@article{shen2009affective,
  title={Affective e-Learning: Using "Emotional" Data to Improve Learning in Pervasive Learning Environment.},
  author={Shen, Liping and Wang, Minjuan and Shen, Ruimin},
  journal={Educational Technology \& Society},
  volume={12},
  number={2},
  pages={176--189},
  year={2009},
  publisher={JSTOR}
}

@inproceedings{sidney2005integrating,
  title={Integrating affect sensors in an intelligent tutoring system},
  author={Sidney, K Dmello and Craig, Scotty D and Gholson, Barry and Franklin, Stan and Picard, Rosalind and Graesser, Arthur C},
  booktitle={Affective Interactions: The Computer in the Affective Loop Workshop at},
  pages={7--13},
  year={2005}
}

@inproceedings{sim2007digraphs,
  title={Are digraphs good for free-text keystroke dynamics?},
  author={Sim, Terence and Janakiraman, Rajkumar},
  booktitle={2007 IEEE Conference on Computer Vision and Pattern Recognition},
  pages={1--6},
  year={2007},
  organization={IEEE}
}

@book{tan2006introduction,
  title={Introduction to data mining},
  author={Tan, Pang-Ning and others},
  year={2006},
  publisher={Pearson Education India}
}

@inproceedings{turner2014eye,
  title={{An eye-tracking study assessing the comprehension of C++ and Python source code}},
  author={Turner, Rachel and Falcone, Michael and Sharif, Bonita and Lazar, Alina},
  booktitle={Proceedings of the Symposium on Eye Tracking Research and Applications},
  pages={231--234},
  year={2014},
  organization={ACM}
}

@article{vizer2009automated,
  title={Automated stress detection using keystroke and linguistic features: An exploratory study},
  author={Vizer, Lisa M and Zhou, Lina and Sears, Andrew},
  journal={International Journal of Human-Computer Studies},
  volume={67},
  number={10},
  pages={870--886},
  year={2009},
  publisher={Elsevier}
}

@article{yang2006context,
  title={Context aware ubiquitous learning environments for peer-to-peer collaborative learning},
  author={Yang, Stephen JH},
  journal={Educational Technology \& Society},
  volume={9},
  number={1},
  pages={188--201},
  year={2006},
  publisher={JSTOR}
}

@article{zhai2008stress,
  title={Stress detection in computer users through non-invasive monitoring of physiological signals},
  author={Zhai, JING and Barreto, ARMANDO},
  journal={Blood},
  volume={5},
  number={0},
  year={2008},
  publisher={Citeseer}
}

@article{zimmermann2003affective,
  title={Affective computing -- a rationale for measuring mood with mouse and keyboard},
  author={Zimmermann, Philippe and Guttormsen, Sissel and Danuser, Brigitta and Gomez, Patrick},
  journal={International journal of occupational safety and ergonomics},
  volume={9},
  number={4},
  pages={539--551},
  year={2003},
  publisher={Taylor \& Francis}
}


@conference{ijcci17,
author={Mario Garcia Valdez and Amaury Hernandez Aguila and Juan-J. Merelo and Alejandra Mancilla Soto},
title={Enhancing Student Engagement via Reduction of Frustration with Programming Assignments using Machine Learning},
booktitle={Proceedings of the 9th International Joint Conference on Computational Intelligence - Volume 1: IJCCI,},
year={2017},
pages={297-304},
publisher={SciTePress},
organization={INSTICC},
doi={10.5220/0006502102970304},
isbn={978-989-758-274-5},
}
